@book{sivykhin,
    author = {Сивухин Д. В.},
    year = {2005},
    title = {Общий курс физики},
    volume = {1},
    publisher = {Физматлит},
}

@misc{nasagov,
    author = {Neil J. Cornish},
    title = {The lagrange points},
    howpublished = {\url{https://wmap.gsfc.nasa.gov/media/ContentMedia/lagrange.pdf}},
    year = {1998},
}

@misc{mit2008,
    author = {S. Widnall},
    howpublished = {\url{https://ocw.mit.edu/courses/16-07-dynamics-fall-2009/resources/mit16_07f09_lec18/}},
    title = {Lecture L18 - Exploring the Neighborhood: the Restricted Three-Body Problem},
    year = {2008},
}

@book{alexeev,
    author = {Алексеев В. Б.},
    year = {2001},
    title = {Теорема Абеля в решениях и задачах},
    publisher = {МНЦМО},
    pages = {192},
}

@misc{nasabrief,
    title = {What is a Lagrange point?},
    howpublished = {\url{https://science.nasa.gov/resource/what-is-a-lagrange-point/}},
}
