@book{sivykhin,
  language = {russian},
  author = {Сивухин, Д. В.},
  year = {2005},
  title = {Общий курс физики},
  volume = {3},
  publisher = {Физматлит},
}

@book{labnik,
  language = {russian},
  author = {Гладун, А. Д. and Александров, Д. А. and Игошин, Ф. Ф. and others},
  year = {2012},
  title = {Лабораторный практикум по общей физике},
  volume = {3},
  publisher = {МФТИ},
}
