@book{sivykhin,
    language = {russian},
    author = {Сивухин, Д. В.},
    year = {2005},
    title = {Общий курс физики},
    volume = {2},
    publisher = {Физматлит},
}

@book{labnik,
    language = {russian},
    author = {Гладун, А. Д. and Александров, Д. А. and Игошин, Ф. Ф. and others},
    year = {2012},
    title = {Лабораторный практикум по общей физике},
    volume = {1},
    publisher = {МФТИ},
}

@misc{lab_description,
    language = {russian},
    author = {Сафонов, А. И. and Смирнова, О. И. and Попов, П. В.},
    howpublished = {\url{https://old.mipt.ru/education/chair/physics/S_II/lab/222_2203.pdf}},
    title = {Измерение теплопроводности воздуха при разных давлениях},
    year = {2018},
}
